@book{hadley2017,
  title={R for Data Science},
  author={Wickham, Hadley and Grolemund, Garrett},
  year={2017},
  publisher={ O’Reilly Media}
}


@book{claus2019,
  title={Fundamentals of Data Visualization},
  author={Wilke, Claus O.},
  year={2019},
  publisher={O’Reilly Media}
}


@book{schutt2013,
  title={Doing data science: Straight talk from the frontline},
  author={Schutt, Rachel and O\'Neil, Cathy},
  year={2013},
  publisher={O'Reilly Media, Inc.}
}

@book{crawley2012,
  title={The R book},
  author={Crawley, Michael J},
  year={2012},
  publisher={John Wiley \& Sons}
}

