@Article{Accardo1997,
  title={Use of the fractal dimension for the analysis of electroencephalographic time series},
  author={Accardo, Agostino and Affinito, M and Carrozzi, M and Bouquet, F},
  journal={Biological cybernetics},
  volume={77},
  number={5},
  pages={339--350},
  year={1997},
}


@misc{nba2019,
  author = {NBA},
  title = {NBA season},
  year = {2015},
  howpublished = {\url{https://clarkdatalabs.github.io/soms/SOM_NBA}},
  note = {Acesso em: 2019-11-15}
}

@misc{mnist2019,
  author = {Lecun, Yann and Cortes, Corinna and Burges, J.C.C},
  title = {MNIST},
  year = {1998},
  howpublished = {\url{http://yann.lecun.com/exdb/mnist/}},
  note = {Acesso em: 2019-11-15}
}


@misc{fmnist2019,
  author = {Zalandro Research},
  title = {Fashion MNIST},
  year = {2017},
  howpublished = {\url{https://www.kaggle.com/zalando-research/fashionmnist}},
  note = {Acesso em: 2019-11-15}
}

@misc{acute2019,
  author = {Czerniak, Jacek},
  title = {Acute Inflammations},
  year = {2009},
  howpublished = {\url{https://archive.ics.uci.edu/ml/datasets/Acute+Inflammations}},
  note = {Acesso em: 2019-11-25}
}

@misc{wine2019,
  author = {Forina, M.},
  title = {Wine},
  year = {1991},
  howpublished = {\url{https://archive.ics.uci.edu/ml/datasets/Wine}},
  note = {Acesso em: 2019-11-25}
}


@inproceedings{fritzke1995growing,
  title={A growing neural gas network learns topologies},
  author={Fritzke, Bernd},
  booktitle={Advances in neural information processing systems},
  pages={625--632},
  year={1995}
}



@misc{iris2019,
  author = {R.A. Fisher},
  title = {Iris Data Set},
  year = {1988},
  howpublished = {\url{https://archive.ics.uci.edu/ml/datasets/Iris}},
  note = {Acesso em: 2019-11-15}
}

@misc{countries2019,
  author = {US government},
  title = {Countries of the World},
  year = {2017},
  howpublished = {\url{https://www.kaggle.com/fernandol/countries-of-the-world/}},
  note = {Acesso em: 2019-11-15}
}



